model_config,flops,task_0_flops,task_0_accuracy
6x32,650091012480,1020551040,0.48
6x32,650091012480,2041102080,0.51
6x32,650091012480,3061653120,0.45
6x32,650091012480,4082204160,0.57
6x32,650091012480,5102755200,0.53
6x32,650091012480,6123306240,0.54
6x32,650091012480,7143857280,1.0
6x32,650091012480,8164408320,1.0
6x32,650091012480,9184959360,1.0
6x32,650091012480,10205510400,1.0
6x32,650091012480,11226061440,1.0
6x32,650091012480,12246612480,1.0
6x32,650091012480,13267163520,1.0
6x32,650091012480,14287714560,1.0
6x32,650091012480,15308265600,1.0
6x32,650091012480,16328816640,0.9
6x32,650091012480,17349367680,1.0
6x32,650091012480,18369918720,1.0
6x32,650091012480,19390469760,1.0
6x32,650091012480,20411020800,1.0
6x32,650091012480,21431571840,1.0
6x32,650091012480,22452122880,1.0
6x32,650091012480,23472673920,1.0
6x32,650091012480,24493224960,1.0
6x32,650091012480,25513776000,1.0
6x32,650091012480,26534327040,1.0
6x32,650091012480,27554878080,1.0
6x32,650091012480,28575429120,1.0
6x32,650091012480,29595980160,1.0
6x32,650091012480,30616531200,1.0
6x32,650091012480,31637082240,1.0
6x32,650091012480,32657633280,1.0
6x32,650091012480,33678184320,1.0
6x32,650091012480,34698735360,1.0
6x32,650091012480,35719286400,1.0
6x32,650091012480,36739837440,1.0
6x32,650091012480,37760388480,1.0
6x32,650091012480,38780939520,1.0
6x32,650091012480,39801490560,1.0
6x32,650091012480,40822041600,1.0
6x32,650091012480,41842592640,1.0
6x32,650091012480,42863143680,1.0
6x32,650091012480,43883694720,1.0
6x32,650091012480,44904245760,1.0
6x32,650091012480,45924796800,1.0
6x32,650091012480,46945347840,1.0
6x32,650091012480,47965898880,1.0
6x32,650091012480,48986449920,1.0
6x32,650091012480,50007000960,1.0
6x32,650091012480,51027552000,1.0
6x32,650091012480,52048103040,1.0
6x32,650091012480,53068654080,1.0
6x32,650091012480,54089205120,1.0
6x32,650091012480,55109756160,1.0
6x32,650091012480,56130307200,1.0
6x32,650091012480,57150858240,1.0
6x32,650091012480,58171409280,1.0
6x32,650091012480,59191960320,1.0
6x32,650091012480,60212511360,1.0
6x32,650091012480,61233062400,1.0
6x32,650091012480,62253613440,1.0
6x32,650091012480,63274164480,1.0
6x32,650091012480,64294715520,1.0
6x32,650091012480,65315266560,1.0
6x32,650091012480,66335817600,1.0
6x32,650091012480,67356368640,1.0
6x32,650091012480,68376919680,1.0
6x32,650091012480,69397470720,0.98
6x32,650091012480,70418021760,1.0
6x32,650091012480,71438572800,1.0
6x32,650091012480,72459123840,1.0
6x32,650091012480,73479674880,1.0
6x32,650091012480,74500225920,1.0
6x32,650091012480,75520776960,1.0
6x32,650091012480,76541328000,1.0
6x32,650091012480,77561879040,1.0
6x32,650091012480,78582430080,1.0
6x32,650091012480,79602981120,1.0
6x32,650091012480,80623532160,1.0
6x32,650091012480,81644083200,1.0
6x32,650091012480,82664634240,1.0
6x32,650091012480,83685185280,1.0
6x32,650091012480,84705736320,1.0
6x32,650091012480,85726287360,1.0
6x32,650091012480,86746838400,1.0
6x32,650091012480,87767389440,1.0
6x32,650091012480,88787940480,1.0
6x32,650091012480,89808491520,1.0
6x32,650091012480,90829042560,1.0
6x32,650091012480,91849593600,1.0
6x32,650091012480,92870144640,1.0
6x32,650091012480,93890695680,1.0
6x32,650091012480,94911246720,1.0
6x32,650091012480,95931797760,1.0
6x32,650091012480,96952348800,1.0
6x32,650091012480,97972899840,1.0
6x32,650091012480,98993450880,1.0
6x32,650091012480,100014001920,1.0
6x32,650091012480,101034552960,1.0
6x32,650091012480,102055104000,1.0
6x32,650091012480,103075655040,1.0
6x32,650091012480,104096206080,1.0
6x32,650091012480,105116757120,1.0
6x32,650091012480,106137308160,1.0
6x32,650091012480,107157859200,1.0
6x32,650091012480,108178410240,1.0
6x32,650091012480,109198961280,1.0
6x32,650091012480,110219512320,1.0
6x32,650091012480,111240063360,1.0
6x32,650091012480,112260614400,1.0
6x32,650091012480,113281165440,1.0
6x32,650091012480,114301716480,1.0
6x32,650091012480,115322267520,1.0
6x32,650091012480,116342818560,1.0
6x32,650091012480,117363369600,1.0
6x32,650091012480,118383920640,1.0
6x32,650091012480,119404471680,1.0
6x32,650091012480,120425022720,1.0
6x32,650091012480,121445573760,1.0
6x32,650091012480,122466124800,1.0
6x32,650091012480,123486675840,1.0
6x32,650091012480,124507226880,1.0
6x32,650091012480,125527777920,1.0
6x32,650091012480,126548328960,1.0
6x32,650091012480,127568880000,1.0
6x32,650091012480,128589431040,1.0
6x32,650091012480,129609982080,1.0
6x32,650091012480,130630533120,1.0
6x32,650091012480,131651084160,1.0
6x32,650091012480,132671635200,1.0
6x32,650091012480,133692186240,1.0
6x32,650091012480,134712737280,1.0
6x32,650091012480,135733288320,1.0
6x32,650091012480,136753839360,1.0
6x32,650091012480,137774390400,1.0
6x32,650091012480,138794941440,1.0
6x32,650091012480,139815492480,1.0
6x32,650091012480,140836043520,1.0
6x32,650091012480,141856594560,1.0
6x32,650091012480,142877145600,1.0
6x32,650091012480,143897696640,1.0
6x32,650091012480,144918247680,1.0
6x32,650091012480,145938798720,1.0
6x32,650091012480,146959349760,1.0
6x32,650091012480,147979900800,1.0
6x32,650091012480,149000451840,1.0
6x32,650091012480,150021002880,1.0
6x32,650091012480,151041553920,1.0
6x32,650091012480,152062104960,1.0
6x32,650091012480,153082656000,1.0
6x32,650091012480,154103207040,1.0
6x32,650091012480,155123758080,1.0
6x32,650091012480,156144309120,1.0
6x32,650091012480,157164860160,1.0
6x32,650091012480,158185411200,1.0
6x32,650091012480,159205962240,1.0
6x32,650091012480,160226513280,1.0
6x32,650091012480,161247064320,1.0
6x32,650091012480,162267615360,1.0
6x32,650091012480,163288166400,1.0
6x32,650091012480,164308717440,1.0
6x32,650091012480,165329268480,1.0
6x32,650091012480,166349819520,1.0
6x32,650091012480,167370370560,1.0
6x32,650091012480,168390921600,1.0
6x32,650091012480,169411472640,1.0
6x32,650091012480,170432023680,1.0
6x32,650091012480,171452574720,1.0
6x32,650091012480,172473125760,1.0
6x32,650091012480,173493676800,1.0
6x32,650091012480,174514227840,1.0
6x32,650091012480,175534778880,1.0
6x32,650091012480,176555329920,1.0
6x32,650091012480,177575880960,1.0
6x32,650091012480,178596432000,1.0
6x32,650091012480,179616983040,1.0
6x32,650091012480,180637534080,1.0
6x32,650091012480,181658085120,1.0
6x32,650091012480,182678636160,1.0
6x32,650091012480,183699187200,1.0
6x32,650091012480,184719738240,1.0
6x32,650091012480,185740289280,1.0
6x32,650091012480,186760840320,1.0
6x32,650091012480,187781391360,1.0
6x32,650091012480,188801942400,1.0
6x32,650091012480,189822493440,1.0
6x32,650091012480,190843044480,1.0
6x32,650091012480,191863595520,1.0
6x32,650091012480,192884146560,1.0
6x32,650091012480,193904697600,1.0
6x32,650091012480,194925248640,1.0
6x32,650091012480,195945799680,1.0
6x32,650091012480,196966350720,1.0
6x32,650091012480,197986901760,1.0
6x32,650091012480,199007452800,1.0
6x32,650091012480,200028003840,1.0
6x32,650091012480,201048554880,1.0
6x32,650091012480,202069105920,1.0
6x32,650091012480,203089656960,1.0
6x32,650091012480,204110208000,1.0
6x32,650091012480,205130759040,1.0
6x32,650091012480,206151310080,1.0
6x32,650091012480,207171861120,1.0
6x32,650091012480,208192412160,1.0
6x32,650091012480,209212963200,1.0
6x32,650091012480,210233514240,1.0
6x32,650091012480,211254065280,1.0
6x32,650091012480,212274616320,1.0
6x32,650091012480,213295167360,1.0
6x32,650091012480,214315718400,1.0
6x32,650091012480,215336269440,1.0
6x32,650091012480,216356820480,1.0
6x32,650091012480,217377371520,1.0
6x32,650091012480,218397922560,1.0
6x32,650091012480,219418473600,1.0
6x32,650091012480,220439024640,1.0
6x32,650091012480,221459575680,1.0
6x32,650091012480,222480126720,1.0
6x32,650091012480,223500677760,1.0
6x32,650091012480,224521228800,1.0
6x32,650091012480,225541779840,1.0
6x32,650091012480,226562330880,1.0
6x32,650091012480,227582881920,1.0
6x32,650091012480,228603432960,1.0
6x32,650091012480,229623984000,1.0
6x32,650091012480,230644535040,1.0
6x32,650091012480,231665086080,1.0
6x32,650091012480,232685637120,1.0
6x32,650091012480,233706188160,1.0
6x32,650091012480,234726739200,1.0
6x32,650091012480,235747290240,1.0
6x32,650091012480,236767841280,1.0
6x32,650091012480,237788392320,1.0
6x32,650091012480,238808943360,1.0
6x32,650091012480,239829494400,1.0
6x32,650091012480,240850045440,1.0
6x32,650091012480,241870596480,1.0
6x32,650091012480,242891147520,1.0
6x32,650091012480,243911698560,1.0
6x32,650091012480,244932249600,1.0
6x32,650091012480,245952800640,1.0
6x32,650091012480,246973351680,1.0
6x32,650091012480,247993902720,1.0
6x32,650091012480,249014453760,1.0
6x32,650091012480,250035004800,1.0
6x32,650091012480,251055555840,1.0
6x32,650091012480,252076106880,1.0
6x32,650091012480,253096657920,1.0
6x32,650091012480,254117208960,1.0
6x32,650091012480,255137760000,1.0
6x32,650091012480,256158311040,1.0
6x32,650091012480,257178862080,1.0
6x32,650091012480,258199413120,1.0
6x32,650091012480,259219964160,1.0
6x32,650091012480,260240515200,1.0
6x32,650091012480,261261066240,0.97
6x32,650091012480,262281617280,1.0
6x32,650091012480,263302168320,1.0
6x32,650091012480,264322719360,1.0
6x32,650091012480,265343270400,1.0
6x32,650091012480,266363821440,1.0
6x32,650091012480,267384372480,1.0
6x32,650091012480,268404923520,1.0
6x32,650091012480,269425474560,1.0
6x32,650091012480,270446025600,1.0
6x32,650091012480,271466576640,1.0
6x32,650091012480,272487127680,1.0
6x32,650091012480,273507678720,1.0
6x32,650091012480,274528229760,1.0
6x32,650091012480,275548780800,1.0
6x32,650091012480,276569331840,1.0
6x32,650091012480,277589882880,1.0
6x32,650091012480,278610433920,1.0
6x32,650091012480,279630984960,1.0
6x32,650091012480,280651536000,1.0
6x32,650091012480,281672087040,1.0
6x32,650091012480,282692638080,1.0
6x32,650091012480,283713189120,1.0
6x32,650091012480,284733740160,1.0
6x32,650091012480,285754291200,1.0
6x32,650091012480,286774842240,1.0
6x32,650091012480,287795393280,1.0
6x32,650091012480,288815944320,1.0
6x32,650091012480,289836495360,1.0
6x32,650091012480,290857046400,1.0
6x32,650091012480,291877597440,1.0
6x32,650091012480,292898148480,1.0
6x32,650091012480,293918699520,1.0
6x32,650091012480,294939250560,1.0
6x32,650091012480,295959801600,1.0
6x32,650091012480,296980352640,1.0
6x32,650091012480,298000903680,1.0
6x32,650091012480,299021454720,1.0
6x32,650091012480,300042005760,1.0
6x32,650091012480,301062556800,1.0
6x32,650091012480,302083107840,1.0
6x32,650091012480,303103658880,1.0
6x32,650091012480,304124209920,1.0
6x32,650091012480,305144760960,1.0
6x32,650091012480,306165312000,1.0
6x32,650091012480,307185863040,1.0
6x32,650091012480,308206414080,1.0
6x32,650091012480,309226965120,1.0
6x32,650091012480,310247516160,1.0
6x32,650091012480,311268067200,1.0
6x32,650091012480,312288618240,1.0
6x32,650091012480,313309169280,1.0
6x32,650091012480,314329720320,1.0
6x32,650091012480,315350271360,1.0
6x32,650091012480,316370822400,1.0
6x32,650091012480,317391373440,1.0
6x32,650091012480,318411924480,1.0
6x32,650091012480,319432475520,1.0
6x32,650091012480,320453026560,1.0
6x32,650091012480,321473577600,1.0
6x32,650091012480,322494128640,1.0
6x32,650091012480,323514679680,1.0
6x32,650091012480,324535230720,1.0
6x32,650091012480,325555781760,1.0
6x32,650091012480,326576332800,1.0
6x32,650091012480,327596883840,1.0
6x32,650091012480,328617434880,1.0
6x32,650091012480,329637985920,1.0
6x32,650091012480,330658536960,1.0
6x32,650091012480,331679088000,1.0
6x32,650091012480,332699639040,1.0
6x32,650091012480,333720190080,1.0
6x32,650091012480,334740741120,1.0
6x32,650091012480,335761292160,1.0
6x32,650091012480,336781843200,1.0
6x32,650091012480,337802394240,1.0
6x32,650091012480,338822945280,1.0
6x32,650091012480,339843496320,1.0
6x32,650091012480,340864047360,1.0
6x32,650091012480,341884598400,1.0
6x32,650091012480,342905149440,1.0
6x32,650091012480,343925700480,1.0
6x32,650091012480,344946251520,1.0
6x32,650091012480,345966802560,1.0
6x32,650091012480,346987353600,1.0
6x32,650091012480,348007904640,1.0
6x32,650091012480,349028455680,1.0
6x32,650091012480,350049006720,1.0
6x32,650091012480,351069557760,1.0
6x32,650091012480,352090108800,1.0
6x32,650091012480,353110659840,1.0
6x32,650091012480,354131210880,1.0
6x32,650091012480,355151761920,1.0
6x32,650091012480,356172312960,1.0
6x32,650091012480,357192864000,1.0
6x32,650091012480,358213415040,1.0
6x32,650091012480,359233966080,1.0
6x32,650091012480,360254517120,1.0
6x32,650091012480,361275068160,1.0
6x32,650091012480,362295619200,1.0
6x32,650091012480,363316170240,1.0
6x32,650091012480,364336721280,1.0
6x32,650091012480,365357272320,1.0
6x32,650091012480,366377823360,1.0
6x32,650091012480,367398374400,1.0
6x32,650091012480,368418925440,1.0
6x32,650091012480,369439476480,1.0
6x32,650091012480,370460027520,1.0
6x32,650091012480,371480578560,1.0
6x32,650091012480,372501129600,1.0
6x32,650091012480,373521680640,1.0
6x32,650091012480,374542231680,1.0
6x32,650091012480,375562782720,1.0
6x32,650091012480,376583333760,1.0
6x32,650091012480,377603884800,1.0
6x32,650091012480,378624435840,1.0
6x32,650091012480,379644986880,1.0
6x32,650091012480,380665537920,1.0
6x32,650091012480,381686088960,1.0
6x32,650091012480,382706640000,1.0
6x32,650091012480,383727191040,1.0
6x32,650091012480,384747742080,1.0
6x32,650091012480,385768293120,1.0
6x32,650091012480,386788844160,1.0
6x32,650091012480,387809395200,1.0
6x32,650091012480,388829946240,1.0
6x32,650091012480,389850497280,1.0
6x32,650091012480,390871048320,1.0
6x32,650091012480,391891599360,1.0
6x32,650091012480,392912150400,1.0
6x32,650091012480,393932701440,1.0
6x32,650091012480,394953252480,1.0
6x32,650091012480,395973803520,1.0
6x32,650091012480,396994354560,1.0
6x32,650091012480,398014905600,1.0
6x32,650091012480,399035456640,1.0
6x32,650091012480,400056007680,1.0
6x32,650091012480,401076558720,1.0
6x32,650091012480,402097109760,1.0
6x32,650091012480,403117660800,1.0
6x32,650091012480,404138211840,1.0
6x32,650091012480,405158762880,1.0
6x32,650091012480,406179313920,1.0
6x32,650091012480,407199864960,1.0
6x32,650091012480,408220416000,1.0
6x32,650091012480,409240967040,1.0
6x32,650091012480,410261518080,1.0
6x32,650091012480,411282069120,1.0
6x32,650091012480,412302620160,1.0
6x32,650091012480,413323171200,1.0
6x32,650091012480,414343722240,1.0
6x32,650091012480,415364273280,1.0
6x32,650091012480,416384824320,1.0
6x32,650091012480,417405375360,1.0
6x32,650091012480,418425926400,1.0
6x32,650091012480,419446477440,1.0
6x32,650091012480,420467028480,1.0
6x32,650091012480,421487579520,1.0
6x32,650091012480,422508130560,1.0
6x32,650091012480,423528681600,1.0
6x32,650091012480,424549232640,1.0
6x32,650091012480,425569783680,1.0
6x32,650091012480,426590334720,1.0
6x32,650091012480,427610885760,1.0
6x32,650091012480,428631436800,1.0
6x32,650091012480,429651987840,1.0
6x32,650091012480,430672538880,1.0
6x32,650091012480,431693089920,1.0
6x32,650091012480,432713640960,1.0
6x32,650091012480,433734192000,1.0
6x32,650091012480,434754743040,1.0
6x32,650091012480,435775294080,1.0
6x32,650091012480,436795845120,1.0
6x32,650091012480,437816396160,1.0
6x32,650091012480,438836947200,1.0
6x32,650091012480,439857498240,1.0
6x32,650091012480,440878049280,1.0
6x32,650091012480,441898600320,1.0
6x32,650091012480,442919151360,1.0
6x32,650091012480,443939702400,1.0
6x32,650091012480,444960253440,1.0
6x32,650091012480,445980804480,1.0
6x32,650091012480,447001355520,1.0
6x32,650091012480,448021906560,1.0
6x32,650091012480,449042457600,1.0
6x32,650091012480,450063008640,1.0
6x32,650091012480,451083559680,1.0
6x32,650091012480,452104110720,1.0
6x32,650091012480,453124661760,1.0
6x32,650091012480,454145212800,1.0
6x32,650091012480,455165763840,1.0
6x32,650091012480,456186314880,1.0
6x32,650091012480,457206865920,1.0
6x32,650091012480,458227416960,1.0
6x32,650091012480,459247968000,1.0
6x32,650091012480,460268519040,1.0
6x32,650091012480,461289070080,1.0
6x32,650091012480,462309621120,1.0
6x32,650091012480,463330172160,1.0
6x32,650091012480,464350723200,1.0
6x32,650091012480,465371274240,1.0
6x32,650091012480,466391825280,1.0
6x32,650091012480,467412376320,1.0
6x32,650091012480,468432927360,1.0
6x32,650091012480,469453478400,1.0
6x32,650091012480,470474029440,1.0
6x32,650091012480,471494580480,1.0
6x32,650091012480,472515131520,1.0
6x32,650091012480,473535682560,1.0
6x32,650091012480,474556233600,1.0
6x32,650091012480,475576784640,1.0
6x32,650091012480,476597335680,1.0
6x32,650091012480,477617886720,1.0
6x32,650091012480,478638437760,1.0
6x32,650091012480,479658988800,1.0
6x32,650091012480,480679539840,1.0
6x32,650091012480,481700090880,1.0
6x32,650091012480,482720641920,1.0
6x32,650091012480,483741192960,1.0
6x32,650091012480,484761744000,1.0
6x32,650091012480,485782295040,1.0
6x32,650091012480,486802846080,1.0
6x32,650091012480,487823397120,1.0
6x32,650091012480,488843948160,1.0
6x32,650091012480,489864499200,1.0
6x32,650091012480,490885050240,1.0
6x32,650091012480,491905601280,1.0
6x32,650091012480,492926152320,1.0
6x32,650091012480,493946703360,1.0
6x32,650091012480,494967254400,1.0
6x32,650091012480,495987805440,1.0
6x32,650091012480,497008356480,1.0
6x32,650091012480,498028907520,1.0
6x32,650091012480,499049458560,1.0
6x32,650091012480,500070009600,1.0
6x32,650091012480,501090560640,1.0
6x32,650091012480,502111111680,1.0
6x32,650091012480,503131662720,1.0
6x32,650091012480,504152213760,1.0
6x32,650091012480,505172764800,1.0
6x32,650091012480,506193315840,1.0
6x32,650091012480,507213866880,1.0
6x32,650091012480,508234417920,1.0
6x32,650091012480,509254968960,1.0
6x32,650091012480,510275520000,1.0
6x32,650091012480,511296071040,1.0
6x32,650091012480,512316622080,1.0
6x32,650091012480,513337173120,1.0
6x32,650091012480,514357724160,1.0
6x32,650091012480,515378275200,1.0
6x32,650091012480,516398826240,1.0
6x32,650091012480,517419377280,1.0
6x32,650091012480,518439928320,1.0
6x32,650091012480,519460479360,1.0
6x32,650091012480,520481030400,1.0
6x32,650091012480,521501581440,1.0
6x32,650091012480,522522132480,1.0
6x32,650091012480,523542683520,1.0
6x32,650091012480,524563234560,1.0
6x32,650091012480,525583785600,1.0
6x32,650091012480,526604336640,1.0
6x32,650091012480,527624887680,1.0
6x32,650091012480,528645438720,1.0
6x32,650091012480,529665989760,1.0
6x32,650091012480,530686540800,1.0
6x32,650091012480,531707091840,1.0
6x32,650091012480,532727642880,1.0
6x32,650091012480,533748193920,1.0
6x32,650091012480,534768744960,1.0
6x32,650091012480,535789296000,1.0
6x32,650091012480,536809847040,1.0
6x32,650091012480,537830398080,1.0
6x32,650091012480,538850949120,1.0
6x32,650091012480,539871500160,1.0
6x32,650091012480,540892051200,1.0
6x32,650091012480,541912602240,1.0
6x32,650091012480,542933153280,1.0
6x32,650091012480,543953704320,1.0
6x32,650091012480,544974255360,1.0
6x32,650091012480,545994806400,1.0
6x32,650091012480,547015357440,1.0
6x32,650091012480,548035908480,1.0
6x32,650091012480,549056459520,1.0
6x32,650091012480,550077010560,1.0
6x32,650091012480,551097561600,1.0
6x32,650091012480,552118112640,1.0
6x32,650091012480,553138663680,1.0
6x32,650091012480,554159214720,1.0
6x32,650091012480,555179765760,1.0
6x32,650091012480,556200316800,1.0
6x32,650091012480,557220867840,1.0
6x32,650091012480,558241418880,1.0
6x32,650091012480,559261969920,1.0
6x32,650091012480,560282520960,1.0
6x32,650091012480,561303072000,1.0
6x32,650091012480,562323623040,1.0
6x32,650091012480,563344174080,1.0
6x32,650091012480,564364725120,1.0
6x32,650091012480,565385276160,1.0
6x32,650091012480,566405827200,1.0
6x32,650091012480,567426378240,1.0
6x32,650091012480,568446929280,1.0
6x32,650091012480,569467480320,1.0
6x32,650091012480,570488031360,1.0
6x32,650091012480,571508582400,1.0
6x32,650091012480,572529133440,1.0
6x32,650091012480,573549684480,1.0
6x32,650091012480,574570235520,1.0
6x32,650091012480,575590786560,1.0
6x32,650091012480,576611337600,1.0
6x32,650091012480,577631888640,1.0
6x32,650091012480,578652439680,1.0
6x32,650091012480,579672990720,1.0
6x32,650091012480,580693541760,1.0
6x32,650091012480,581714092800,1.0
6x32,650091012480,582734643840,1.0
6x32,650091012480,583755194880,1.0
6x32,650091012480,584775745920,1.0
6x32,650091012480,585796296960,1.0
6x32,650091012480,586816848000,1.0
6x32,650091012480,587837399040,1.0
6x32,650091012480,588857950080,1.0
6x32,650091012480,589878501120,1.0
6x32,650091012480,590899052160,1.0
6x32,650091012480,591919603200,1.0
6x32,650091012480,592940154240,1.0
6x32,650091012480,593960705280,1.0
6x32,650091012480,594981256320,1.0
6x32,650091012480,596001807360,1.0
6x32,650091012480,597022358400,1.0
6x32,650091012480,598042909440,1.0
6x32,650091012480,599063460480,1.0
6x32,650091012480,600084011520,1.0
6x32,650091012480,601104562560,1.0
6x32,650091012480,602125113600,1.0
6x32,650091012480,603145664640,1.0
6x32,650091012480,604166215680,1.0
6x32,650091012480,605186766720,1.0
6x32,650091012480,606207317760,1.0
6x32,650091012480,607227868800,1.0
6x32,650091012480,608248419840,1.0
6x32,650091012480,609268970880,1.0
6x32,650091012480,610289521920,1.0
6x32,650091012480,611310072960,1.0
6x32,650091012480,612330624000,1.0
6x32,650091012480,613351175040,1.0
6x32,650091012480,614371726080,1.0
6x32,650091012480,615392277120,1.0
6x32,650091012480,616412828160,1.0
6x32,650091012480,617433379200,1.0
6x32,650091012480,618453930240,1.0
6x32,650091012480,619474481280,1.0
6x32,650091012480,620495032320,1.0
6x32,650091012480,621515583360,1.0
6x32,650091012480,622536134400,1.0
6x32,650091012480,623556685440,1.0
6x32,650091012480,624577236480,1.0
6x32,650091012480,625597787520,1.0
6x32,650091012480,626618338560,1.0
6x32,650091012480,627638889600,1.0
6x32,650091012480,628659440640,1.0
6x32,650091012480,629679991680,1.0
6x32,650091012480,630700542720,1.0
6x32,650091012480,631721093760,1.0
6x32,650091012480,632741644800,1.0
6x32,650091012480,633762195840,1.0
6x32,650091012480,634782746880,1.0
6x32,650091012480,635803297920,1.0
6x32,650091012480,636823848960,1.0
6x32,650091012480,637844400000,1.0
6x32,650091012480,638864951040,1.0
6x32,650091012480,639885502080,1.0
6x32,650091012480,640906053120,1.0
6x32,650091012480,641926604160,0.99
6x32,650091012480,642947155200,1.0
6x32,650091012480,643967706240,1.0
6x32,650091012480,644988257280,1.0
6x32,650091012480,646008808320,1.0
6x32,650091012480,647029359360,1.0
6x32,650091012480,648049910400,1.0
6x32,650091012480,649070461440,1.0
6x32,650091012480,650091012480,1.0
