model_config,flops,task_0_flops,task_0_accuracy
12x256,770640422400,4281335680,0.48
12x256,770640422400,8562671360,0.52
12x256,770640422400,12844007040,0.46
12x256,770640422400,17125342720,0.45
12x256,770640422400,21406678400,0.53
12x256,770640422400,25688014080,0.51
12x256,770640422400,29969349760,0.49
12x256,770640422400,34250685440,0.52
12x256,770640422400,38532021120,0.5
12x256,770640422400,42813356800,0.45
12x256,770640422400,47094692480,0.51
12x256,770640422400,51376028160,0.49
12x256,770640422400,55657363840,0.45
12x256,770640422400,59938699520,0.54
12x256,770640422400,64220035200,0.51
12x256,770640422400,68501370880,0.49
12x256,770640422400,72782706560,0.54
12x256,770640422400,77064042240,0.5
12x256,770640422400,81345377920,0.57
12x256,770640422400,85626713600,0.56
12x256,770640422400,89908049280,0.6
12x256,770640422400,94189384960,0.51
12x256,770640422400,98470720640,0.53
12x256,770640422400,102752056320,0.5
12x256,770640422400,107033392000,0.56
12x256,770640422400,111314727680,0.51
12x256,770640422400,115596063360,0.48
12x256,770640422400,119877399040,0.56
12x256,770640422400,124158734720,0.53
12x256,770640422400,128440070400,0.64
12x256,770640422400,132721406080,0.46
12x256,770640422400,137002741760,0.53
12x256,770640422400,141284077440,0.43
12x256,770640422400,145565413120,0.48
12x256,770640422400,149846748800,0.56
12x256,770640422400,154128084480,0.44
12x256,770640422400,158409420160,0.48
12x256,770640422400,162690755840,0.6
12x256,770640422400,166972091520,0.66
12x256,770640422400,171253427200,0.63
12x256,770640422400,175534762880,0.64
12x256,770640422400,179816098560,0.62
12x256,770640422400,184097434240,0.65
12x256,770640422400,188378769920,0.69
12x256,770640422400,192660105600,0.81
12x256,770640422400,196941441280,0.72
12x256,770640422400,201222776960,0.81
12x256,770640422400,205504112640,0.94
12x256,770640422400,209785448320,0.89
12x256,770640422400,214066784000,0.93
12x256,770640422400,218348119680,0.94
12x256,770640422400,222629455360,0.96
12x256,770640422400,226910791040,1.0
12x256,770640422400,231192126720,1.0
12x256,770640422400,235473462400,0.99
12x256,770640422400,239754798080,1.0
12x256,770640422400,244036133760,0.98
12x256,770640422400,248317469440,0.99
12x256,770640422400,252598805120,1.0
12x256,770640422400,256880140800,1.0
12x256,770640422400,261161476480,1.0
12x256,770640422400,265442812160,1.0
12x256,770640422400,269724147840,0.98
12x256,770640422400,274005483520,0.99
12x256,770640422400,278286819200,1.0
12x256,770640422400,282568154880,1.0
12x256,770640422400,286849490560,0.96
12x256,770640422400,291130826240,1.0
12x256,770640422400,295412161920,1.0
12x256,770640422400,299693497600,1.0
12x256,770640422400,303974833280,1.0
12x256,770640422400,308256168960,0.99
12x256,770640422400,312537504640,1.0
12x256,770640422400,316818840320,1.0
12x256,770640422400,321100176000,1.0
12x256,770640422400,325381511680,1.0
12x256,770640422400,329662847360,1.0
12x256,770640422400,333944183040,1.0
12x256,770640422400,338225518720,1.0
12x256,770640422400,342506854400,1.0
12x256,770640422400,346788190080,1.0
12x256,770640422400,351069525760,1.0
12x256,770640422400,355350861440,1.0
12x256,770640422400,359632197120,1.0
12x256,770640422400,363913532800,1.0
12x256,770640422400,368194868480,1.0
12x256,770640422400,372476204160,0.95
12x256,770640422400,376757539840,1.0
12x256,770640422400,381038875520,1.0
12x256,770640422400,385320211200,0.97
12x256,770640422400,389601546880,1.0
12x256,770640422400,393882882560,1.0
12x256,770640422400,398164218240,1.0
12x256,770640422400,402445553920,1.0
12x256,770640422400,406726889600,1.0
12x256,770640422400,411008225280,1.0
12x256,770640422400,415289560960,1.0
12x256,770640422400,419570896640,1.0
12x256,770640422400,423852232320,1.0
12x256,770640422400,428133568000,1.0
12x256,770640422400,432414903680,1.0
12x256,770640422400,436696239360,1.0
12x256,770640422400,440977575040,1.0
12x256,770640422400,445258910720,1.0
12x256,770640422400,449540246400,0.97
12x256,770640422400,453821582080,1.0
12x256,770640422400,458102917760,1.0
12x256,770640422400,462384253440,1.0
12x256,770640422400,466665589120,1.0
12x256,770640422400,470946924800,1.0
12x256,770640422400,475228260480,1.0
12x256,770640422400,479509596160,1.0
12x256,770640422400,483790931840,1.0
12x256,770640422400,488072267520,0.99
12x256,770640422400,492353603200,1.0
12x256,770640422400,496634938880,0.99
12x256,770640422400,500916274560,1.0
12x256,770640422400,505197610240,1.0
12x256,770640422400,509478945920,1.0
12x256,770640422400,513760281600,1.0
12x256,770640422400,518041617280,1.0
12x256,770640422400,522322952960,1.0
12x256,770640422400,526604288640,1.0
12x256,770640422400,530885624320,0.97
12x256,770640422400,535166960000,1.0
12x256,770640422400,539448295680,0.96
12x256,770640422400,543729631360,1.0
12x256,770640422400,548010967040,1.0
12x256,770640422400,552292302720,1.0
12x256,770640422400,556573638400,1.0
12x256,770640422400,560854974080,1.0
12x256,770640422400,565136309760,1.0
12x256,770640422400,569417645440,1.0
12x256,770640422400,573698981120,1.0
12x256,770640422400,577980316800,1.0
12x256,770640422400,582261652480,1.0
12x256,770640422400,586542988160,1.0
12x256,770640422400,590824323840,1.0
12x256,770640422400,595105659520,1.0
12x256,770640422400,599386995200,1.0
12x256,770640422400,603668330880,1.0
12x256,770640422400,607949666560,1.0
12x256,770640422400,612231002240,1.0
12x256,770640422400,616512337920,1.0
12x256,770640422400,620793673600,1.0
12x256,770640422400,625075009280,1.0
12x256,770640422400,629356344960,1.0
12x256,770640422400,633637680640,0.96
12x256,770640422400,637919016320,1.0
12x256,770640422400,642200352000,1.0
12x256,770640422400,646481687680,1.0
12x256,770640422400,650763023360,1.0
12x256,770640422400,655044359040,1.0
12x256,770640422400,659325694720,1.0
12x256,770640422400,663607030400,1.0
12x256,770640422400,667888366080,0.97
12x256,770640422400,672169701760,1.0
12x256,770640422400,676451037440,0.99
12x256,770640422400,680732373120,0.96
12x256,770640422400,685013708800,1.0
12x256,770640422400,689295044480,1.0
12x256,770640422400,693576380160,1.0
12x256,770640422400,697857715840,1.0
12x256,770640422400,702139051520,1.0
12x256,770640422400,706420387200,1.0
12x256,770640422400,710701722880,1.0
12x256,770640422400,714983058560,1.0
12x256,770640422400,719264394240,0.97
12x256,770640422400,723545729920,1.0
12x256,770640422400,727827065600,1.0
12x256,770640422400,732108401280,1.0
12x256,770640422400,736389736960,1.0
12x256,770640422400,740671072640,1.0
12x256,770640422400,744952408320,1.0
12x256,770640422400,749233744000,1.0
12x256,770640422400,753515079680,1.0
12x256,770640422400,757796415360,1.0
12x256,770640422400,762077751040,1.0
12x256,770640422400,766359086720,1.0
12x256,770640422400,770640422400,1.0
