model_config,flops,task_0_flops,task_0_accuracy
10x128,862147675520,1719172992,0.5
10x128,862147675520,3438345984,0.4
10x128,862147675520,5157518976,0.54
10x128,862147675520,6876691968,0.5
10x128,862147675520,8595864960,0.41
10x128,862147675520,10315037952,0.46
10x128,862147675520,12034210944,0.53
10x128,862147675520,13753383936,0.52
10x128,862147675520,15472556928,0.41
10x128,862147675520,17191729920,0.41
10x128,862147675520,18910902912,0.47
10x128,862147675520,20630075904,0.49
10x128,862147675520,22349248896,0.54
10x128,862147675520,24068421888,0.51
10x128,862147675520,25787594880,0.58
10x128,862147675520,27506767872,0.48
10x128,862147675520,29225940864,0.46
10x128,862147675520,30945113856,0.53
10x128,862147675520,32664286848,0.5
10x128,862147675520,34383459840,0.5
10x128,862147675520,36102632832,0.5
10x128,862147675520,37821805824,0.55
10x128,862147675520,39540978816,0.5
10x128,862147675520,41260151808,0.49
10x128,862147675520,42979324800,0.53
10x128,862147675520,44698497792,0.42
10x128,862147675520,46417670784,0.55
10x128,862147675520,48136843776,0.5
10x128,862147675520,49856016768,0.47
10x128,862147675520,51575189760,0.62
10x128,862147675520,53294362752,0.48
10x128,862147675520,55013535744,0.57
10x128,862147675520,56732708736,0.56
10x128,862147675520,58451881728,0.61
10x128,862147675520,60171054720,0.58
10x128,862147675520,61890227712,0.53
10x128,862147675520,63609400704,0.64
10x128,862147675520,65328573696,0.68
10x128,862147675520,67047746688,0.8
10x128,862147675520,68766919680,0.9
10x128,862147675520,70486092672,0.97
10x128,862147675520,72205265664,1.0
10x128,862147675520,73924438656,0.98
10x128,862147675520,75643611648,1.0
10x128,862147675520,77362784640,1.0
10x128,862147675520,79081957632,1.0
10x128,862147675520,80801130624,1.0
10x128,862147675520,82520303616,1.0
10x128,862147675520,84239476608,1.0
10x128,862147675520,85958649600,1.0
10x128,862147675520,87677822592,1.0
10x128,862147675520,89396995584,1.0
10x128,862147675520,91116168576,1.0
10x128,862147675520,92835341568,1.0
10x128,862147675520,94554514560,0.98
10x128,862147675520,96273687552,1.0
10x128,862147675520,97992860544,1.0
10x128,862147675520,99712033536,1.0
10x128,862147675520,101431206528,1.0
10x128,862147675520,103150379520,1.0
10x128,862147675520,104869552512,1.0
10x128,862147675520,106588725504,1.0
10x128,862147675520,108307898496,1.0
10x128,862147675520,110027071488,1.0
10x128,862147675520,111746244480,1.0
10x128,862147675520,113465417472,1.0
10x128,862147675520,115184590464,1.0
10x128,862147675520,116903763456,1.0
10x128,862147675520,118622936448,1.0
10x128,862147675520,120342109440,1.0
10x128,862147675520,122061282432,1.0
10x128,862147675520,123780455424,1.0
10x128,862147675520,125499628416,1.0
10x128,862147675520,127218801408,1.0
10x128,862147675520,128937974400,1.0
10x128,862147675520,130657147392,1.0
10x128,862147675520,132376320384,1.0
10x128,862147675520,134095493376,0.99
10x128,862147675520,135814666368,1.0
10x128,862147675520,137533839360,1.0
10x128,862147675520,139253012352,1.0
10x128,862147675520,140972185344,0.98
10x128,862147675520,142691358336,1.0
10x128,862147675520,144410531328,1.0
10x128,862147675520,146129704320,1.0
10x128,862147675520,147848877312,1.0
10x128,862147675520,149568050304,1.0
10x128,862147675520,151287223296,1.0
10x128,862147675520,153006396288,1.0
10x128,862147675520,154725569280,1.0
10x128,862147675520,156444742272,1.0
10x128,862147675520,158163915264,1.0
10x128,862147675520,159883088256,1.0
10x128,862147675520,161602261248,1.0
10x128,862147675520,163321434240,1.0
10x128,862147675520,165040607232,1.0
10x128,862147675520,166759780224,1.0
10x128,862147675520,168478953216,1.0
10x128,862147675520,170198126208,1.0
10x128,862147675520,171917299200,1.0
10x128,862147675520,173636472192,1.0
10x128,862147675520,175355645184,1.0
10x128,862147675520,177074818176,0.96
10x128,862147675520,178793991168,1.0
10x128,862147675520,180513164160,1.0
10x128,862147675520,182232337152,1.0
10x128,862147675520,183951510144,1.0
10x128,862147675520,185670683136,1.0
10x128,862147675520,187389856128,1.0
10x128,862147675520,189109029120,0.96
10x128,862147675520,190828202112,1.0
10x128,862147675520,192547375104,1.0
10x128,862147675520,194266548096,1.0
10x128,862147675520,195985721088,1.0
10x128,862147675520,197704894080,1.0
10x128,862147675520,199424067072,0.99
10x128,862147675520,201143240064,1.0
10x128,862147675520,202862413056,1.0
10x128,862147675520,204581586048,1.0
10x128,862147675520,206300759040,1.0
10x128,862147675520,208019932032,1.0
10x128,862147675520,209739105024,1.0
10x128,862147675520,211458278016,1.0
10x128,862147675520,213177451008,1.0
10x128,862147675520,214896624000,1.0
10x128,862147675520,216615796992,1.0
10x128,862147675520,218334969984,0.99
10x128,862147675520,220054142976,1.0
10x128,862147675520,221773315968,1.0
10x128,862147675520,223492488960,1.0
10x128,862147675520,225211661952,1.0
10x128,862147675520,226930834944,1.0
10x128,862147675520,228650007936,1.0
10x128,862147675520,230369180928,0.99
10x128,862147675520,232088353920,1.0
10x128,862147675520,233807526912,1.0
10x128,862147675520,235526699904,1.0
10x128,862147675520,237245872896,1.0
10x128,862147675520,238965045888,1.0
10x128,862147675520,240684218880,1.0
10x128,862147675520,242403391872,1.0
10x128,862147675520,244122564864,1.0
10x128,862147675520,245841737856,1.0
10x128,862147675520,247560910848,1.0
10x128,862147675520,249280083840,1.0
10x128,862147675520,250999256832,1.0
10x128,862147675520,252718429824,1.0
10x128,862147675520,254437602816,1.0
10x128,862147675520,256156775808,1.0
10x128,862147675520,257875948800,0.99
10x128,862147675520,259595121792,1.0
10x128,862147675520,261314294784,1.0
10x128,862147675520,263033467776,0.98
10x128,862147675520,264752640768,1.0
10x128,862147675520,266471813760,1.0
10x128,862147675520,268190986752,1.0
10x128,862147675520,269910159744,1.0
10x128,862147675520,271629332736,1.0
10x128,862147675520,273348505728,1.0
10x128,862147675520,275067678720,1.0
10x128,862147675520,276786851712,1.0
10x128,862147675520,278506024704,1.0
10x128,862147675520,280225197696,1.0
10x128,862147675520,281944370688,1.0
10x128,862147675520,283663543680,0.98
10x128,862147675520,285382716672,1.0
10x128,862147675520,287101889664,1.0
10x128,862147675520,288821062656,1.0
10x128,862147675520,290540235648,1.0
10x128,862147675520,292259408640,0.99
10x128,862147675520,293978581632,1.0
10x128,862147675520,295697754624,0.99
10x128,862147675520,297416927616,1.0
10x128,862147675520,299136100608,1.0
10x128,862147675520,300855273600,1.0
10x128,862147675520,302574446592,1.0
10x128,862147675520,304293619584,1.0
10x128,862147675520,306012792576,1.0
10x128,862147675520,307731965568,1.0
10x128,862147675520,309451138560,1.0
10x128,862147675520,311170311552,1.0
10x128,862147675520,312889484544,1.0
10x128,862147675520,314608657536,1.0
10x128,862147675520,316327830528,1.0
10x128,862147675520,318047003520,1.0
10x128,862147675520,319766176512,1.0
10x128,862147675520,321485349504,1.0
10x128,862147675520,323204522496,1.0
10x128,862147675520,324923695488,1.0
10x128,862147675520,326642868480,1.0
10x128,862147675520,328362041472,1.0
10x128,862147675520,330081214464,1.0
10x128,862147675520,331800387456,0.96
10x128,862147675520,333519560448,1.0
10x128,862147675520,335238733440,1.0
10x128,862147675520,336957906432,1.0
10x128,862147675520,338677079424,1.0
10x128,862147675520,340396252416,1.0
10x128,862147675520,342115425408,1.0
10x128,862147675520,343834598400,1.0
10x128,862147675520,345553771392,0.97
10x128,862147675520,347272944384,1.0
10x128,862147675520,348992117376,1.0
10x128,862147675520,350711290368,0.98
10x128,862147675520,352430463360,1.0
10x128,862147675520,354149636352,1.0
10x128,862147675520,355868809344,1.0
10x128,862147675520,357587982336,1.0
10x128,862147675520,359307155328,1.0
10x128,862147675520,361026328320,1.0
10x128,862147675520,362745501312,1.0
10x128,862147675520,364464674304,1.0
10x128,862147675520,366183847296,1.0
10x128,862147675520,367903020288,1.0
10x128,862147675520,369622193280,1.0
10x128,862147675520,371341366272,1.0
10x128,862147675520,373060539264,1.0
10x128,862147675520,374779712256,1.0
10x128,862147675520,376498885248,1.0
10x128,862147675520,378218058240,1.0
10x128,862147675520,379937231232,1.0
10x128,862147675520,381656404224,1.0
10x128,862147675520,383375577216,1.0
10x128,862147675520,385094750208,1.0
10x128,862147675520,386813923200,1.0
10x128,862147675520,388533096192,1.0
10x128,862147675520,390252269184,1.0
10x128,862147675520,391971442176,1.0
10x128,862147675520,393690615168,1.0
10x128,862147675520,395409788160,1.0
10x128,862147675520,397128961152,1.0
10x128,862147675520,398848134144,1.0
10x128,862147675520,400567307136,1.0
10x128,862147675520,402286480128,1.0
10x128,862147675520,404005653120,1.0
10x128,862147675520,405724826112,1.0
10x128,862147675520,407443999104,1.0
10x128,862147675520,409163172096,1.0
10x128,862147675520,410882345088,1.0
10x128,862147675520,412601518080,1.0
10x128,862147675520,414320691072,1.0
10x128,862147675520,416039864064,1.0
10x128,862147675520,417759037056,1.0
10x128,862147675520,419478210048,1.0
10x128,862147675520,421197383040,1.0
10x128,862147675520,422916556032,1.0
10x128,862147675520,424635729024,1.0
10x128,862147675520,426354902016,1.0
10x128,862147675520,428074075008,1.0
10x128,862147675520,429793248000,1.0
10x128,862147675520,431512420992,1.0
10x128,862147675520,433231593984,1.0
10x128,862147675520,434950766976,1.0
10x128,862147675520,436669939968,1.0
10x128,862147675520,438389112960,1.0
10x128,862147675520,440108285952,1.0
10x128,862147675520,441827458944,1.0
10x128,862147675520,443546631936,1.0
10x128,862147675520,445265804928,1.0
10x128,862147675520,446984977920,1.0
10x128,862147675520,448704150912,1.0
10x128,862147675520,450423323904,1.0
10x128,862147675520,452142496896,1.0
10x128,862147675520,453861669888,1.0
10x128,862147675520,455580842880,1.0
10x128,862147675520,457300015872,1.0
10x128,862147675520,459019188864,1.0
10x128,862147675520,460738361856,1.0
10x128,862147675520,462457534848,1.0
10x128,862147675520,464176707840,1.0
10x128,862147675520,465895880832,1.0
10x128,862147675520,467615053824,1.0
10x128,862147675520,469334226816,1.0
10x128,862147675520,471053399808,1.0
10x128,862147675520,472772572800,1.0
10x128,862147675520,474491745792,1.0
10x128,862147675520,476210918784,1.0
10x128,862147675520,477930091776,1.0
10x128,862147675520,479649264768,1.0
10x128,862147675520,481368437760,1.0
10x128,862147675520,483087610752,1.0
10x128,862147675520,484806783744,1.0
10x128,862147675520,486525956736,1.0
10x128,862147675520,488245129728,1.0
10x128,862147675520,489964302720,1.0
10x128,862147675520,491683475712,1.0
10x128,862147675520,493402648704,1.0
10x128,862147675520,495121821696,1.0
10x128,862147675520,496840994688,1.0
10x128,862147675520,498560167680,1.0
10x128,862147675520,500279340672,1.0
10x128,862147675520,501998513664,1.0
10x128,862147675520,503717686656,1.0
10x128,862147675520,505436859648,1.0
10x128,862147675520,507156032640,1.0
10x128,862147675520,508875205632,1.0
10x128,862147675520,510594378624,1.0
10x128,862147675520,512313551616,1.0
10x128,862147675520,514032724608,1.0
10x128,862147675520,515751897600,1.0
10x128,862147675520,517471070592,1.0
10x128,862147675520,519190243584,1.0
10x128,862147675520,520909416576,1.0
10x128,862147675520,522628589568,1.0
10x128,862147675520,524347762560,1.0
10x128,862147675520,526066935552,1.0
10x128,862147675520,527786108544,1.0
10x128,862147675520,529505281536,1.0
10x128,862147675520,531224454528,1.0
10x128,862147675520,532943627520,1.0
10x128,862147675520,534662800512,1.0
10x128,862147675520,536381973504,1.0
10x128,862147675520,538101146496,1.0
10x128,862147675520,539820319488,1.0
10x128,862147675520,541539492480,1.0
10x128,862147675520,543258665472,1.0
10x128,862147675520,544977838464,1.0
10x128,862147675520,546697011456,1.0
10x128,862147675520,548416184448,1.0
10x128,862147675520,550135357440,1.0
10x128,862147675520,551854530432,1.0
10x128,862147675520,553573703424,1.0
10x128,862147675520,555292876416,1.0
10x128,862147675520,557012049408,1.0
10x128,862147675520,558731222400,1.0
10x128,862147675520,560450395392,1.0
10x128,862147675520,562169568384,1.0
10x128,862147675520,563888741376,1.0
10x128,862147675520,565607914368,1.0
10x128,862147675520,567327087360,1.0
10x128,862147675520,569046260352,1.0
10x128,862147675520,570765433344,1.0
10x128,862147675520,572484606336,1.0
10x128,862147675520,574203779328,1.0
10x128,862147675520,575922952320,1.0
10x128,862147675520,577642125312,1.0
10x128,862147675520,579361298304,1.0
10x128,862147675520,581080471296,1.0
10x128,862147675520,582799644288,1.0
10x128,862147675520,584518817280,1.0
10x128,862147675520,586237990272,1.0
10x128,862147675520,587957163264,1.0
10x128,862147675520,589676336256,1.0
10x128,862147675520,591395509248,1.0
10x128,862147675520,593114682240,1.0
10x128,862147675520,594833855232,1.0
10x128,862147675520,596553028224,1.0
10x128,862147675520,598272201216,1.0
10x128,862147675520,599991374208,1.0
10x128,862147675520,601710547200,1.0
10x128,862147675520,603429720192,1.0
10x128,862147675520,605148893184,1.0
10x128,862147675520,606868066176,1.0
10x128,862147675520,608587239168,1.0
10x128,862147675520,610306412160,1.0
10x128,862147675520,612025585152,1.0
10x128,862147675520,613744758144,1.0
10x128,862147675520,615463931136,1.0
10x128,862147675520,617183104128,1.0
10x128,862147675520,618902277120,1.0
10x128,862147675520,620621450112,1.0
10x128,862147675520,622340623104,1.0
10x128,862147675520,624059796096,1.0
10x128,862147675520,625778969088,1.0
10x128,862147675520,627498142080,1.0
10x128,862147675520,629217315072,1.0
10x128,862147675520,630936488064,1.0
10x128,862147675520,632655661056,1.0
10x128,862147675520,634374834048,1.0
10x128,862147675520,636094007040,1.0
10x128,862147675520,637813180032,1.0
10x128,862147675520,639532353024,1.0
10x128,862147675520,641251526016,1.0
10x128,862147675520,642970699008,1.0
10x128,862147675520,644689872000,1.0
10x128,862147675520,646409044992,1.0
10x128,862147675520,648128217984,1.0
10x128,862147675520,649847390976,1.0
10x128,862147675520,651566563968,1.0
10x128,862147675520,653285736960,1.0
10x128,862147675520,655004909952,1.0
10x128,862147675520,656724082944,1.0
10x128,862147675520,658443255936,1.0
10x128,862147675520,660162428928,1.0
10x128,862147675520,661881601920,1.0
10x128,862147675520,663600774912,1.0
10x128,862147675520,665319947904,1.0
10x128,862147675520,667039120896,1.0
10x128,862147675520,668758293888,1.0
10x128,862147675520,670477466880,1.0
10x128,862147675520,672196639872,1.0
10x128,862147675520,673915812864,1.0
10x128,862147675520,675634985856,1.0
10x128,862147675520,677354158848,1.0
10x128,862147675520,679073331840,1.0
10x128,862147675520,680792504832,1.0
10x128,862147675520,682511677824,1.0
10x128,862147675520,684230850816,1.0
10x128,862147675520,685950023808,0.98
10x128,862147675520,687669196800,1.0
10x128,862147675520,689388369792,1.0
10x128,862147675520,691107542784,1.0
10x128,862147675520,692826715776,1.0
10x128,862147675520,694545888768,1.0
10x128,862147675520,696265061760,1.0
10x128,862147675520,697984234752,1.0
10x128,862147675520,699703407744,1.0
10x128,862147675520,701422580736,1.0
10x128,862147675520,703141753728,1.0
10x128,862147675520,704860926720,1.0
10x128,862147675520,706580099712,1.0
10x128,862147675520,708299272704,1.0
10x128,862147675520,710018445696,1.0
10x128,862147675520,711737618688,1.0
10x128,862147675520,713456791680,1.0
10x128,862147675520,715175964672,1.0
10x128,862147675520,716895137664,1.0
10x128,862147675520,718614310656,1.0
10x128,862147675520,720333483648,1.0
10x128,862147675520,722052656640,1.0
10x128,862147675520,723771829632,1.0
10x128,862147675520,725491002624,1.0
10x128,862147675520,727210175616,1.0
10x128,862147675520,728929348608,1.0
10x128,862147675520,730648521600,1.0
10x128,862147675520,732367694592,1.0
10x128,862147675520,734086867584,1.0
10x128,862147675520,735806040576,1.0
10x128,862147675520,737525213568,1.0
10x128,862147675520,739244386560,1.0
10x128,862147675520,740963559552,1.0
10x128,862147675520,742682732544,1.0
10x128,862147675520,744401905536,1.0
10x128,862147675520,746121078528,1.0
10x128,862147675520,747840251520,1.0
10x128,862147675520,749559424512,1.0
10x128,862147675520,751278597504,1.0
10x128,862147675520,752997770496,1.0
10x128,862147675520,754716943488,1.0
10x128,862147675520,756436116480,1.0
10x128,862147675520,758155289472,1.0
10x128,862147675520,759874462464,1.0
10x128,862147675520,761593635456,1.0
10x128,862147675520,763312808448,1.0
10x128,862147675520,765031981440,1.0
10x128,862147675520,766751154432,1.0
10x128,862147675520,768470327424,1.0
10x128,862147675520,770189500416,1.0
10x128,862147675520,771908673408,1.0
10x128,862147675520,773627846400,1.0
10x128,862147675520,775347019392,1.0
10x128,862147675520,777066192384,1.0
10x128,862147675520,778785365376,1.0
10x128,862147675520,780504538368,1.0
10x128,862147675520,782223711360,1.0
10x128,862147675520,783942884352,1.0
10x128,862147675520,785662057344,1.0
10x128,862147675520,787381230336,1.0
10x128,862147675520,789100403328,1.0
10x128,862147675520,790819576320,0.99
10x128,862147675520,792538749312,1.0
10x128,862147675520,794257922304,1.0
10x128,862147675520,795977095296,1.0
10x128,862147675520,797696268288,1.0
10x128,862147675520,799415441280,0.97
10x128,862147675520,801134614272,1.0
10x128,862147675520,802853787264,1.0
10x128,862147675520,804572960256,1.0
10x128,862147675520,806292133248,1.0
10x128,862147675520,808011306240,1.0
10x128,862147675520,809730479232,1.0
10x128,862147675520,811449652224,1.0
10x128,862147675520,813168825216,1.0
10x128,862147675520,814887998208,1.0
10x128,862147675520,816607171200,1.0
10x128,862147675520,818326344192,1.0
10x128,862147675520,820045517184,1.0
10x128,862147675520,821764690176,1.0
10x128,862147675520,823483863168,1.0
10x128,862147675520,825203036160,1.0
10x128,862147675520,826922209152,1.0
10x128,862147675520,828641382144,1.0
10x128,862147675520,830360555136,1.0
10x128,862147675520,832079728128,1.0
10x128,862147675520,833798901120,1.0
10x128,862147675520,835518074112,1.0
10x128,862147675520,837237247104,1.0
10x128,862147675520,838956420096,1.0
10x128,862147675520,840675593088,1.0
10x128,862147675520,842394766080,1.0
10x128,862147675520,844113939072,1.0
10x128,862147675520,845833112064,1.0
10x128,862147675520,847552285056,1.0
10x128,862147675520,849271458048,1.0
10x128,862147675520,850990631040,1.0
10x128,862147675520,852709804032,1.0
10x128,862147675520,854428977024,1.0
10x128,862147675520,856148150016,1.0
10x128,862147675520,857867323008,1.0
10x128,862147675520,859586496000,1.0
10x128,862147675520,861305668992,1.0
