model_config,flops,task_0_flops,task_0_accuracy
4x16,200014552192,1003241344,0.47
4x16,200014552192,2006482688,0.51
4x16,200014552192,3009724032,0.97
4x16,200014552192,4012965376,0.99
4x16,200014552192,5016206720,1.0
4x16,200014552192,6019448064,0.68
4x16,200014552192,7022689408,1.0
4x16,200014552192,8025930752,1.0
4x16,200014552192,9029172096,1.0
4x16,200014552192,10032413440,1.0
4x16,200014552192,11035654784,1.0
4x16,200014552192,12038896128,1.0
4x16,200014552192,13042137472,1.0
4x16,200014552192,14045378816,1.0
4x16,200014552192,15048620160,0.97
4x16,200014552192,16051861504,1.0
4x16,200014552192,17055102848,1.0
4x16,200014552192,18058344192,1.0
4x16,200014552192,19061585536,0.86
4x16,200014552192,20064826880,1.0
4x16,200014552192,21068068224,1.0
4x16,200014552192,22071309568,1.0
4x16,200014552192,23074550912,1.0
4x16,200014552192,24077792256,1.0
4x16,200014552192,25081033600,1.0
4x16,200014552192,26084274944,1.0
4x16,200014552192,27087516288,1.0
4x16,200014552192,28090757632,1.0
4x16,200014552192,29093998976,1.0
4x16,200014552192,30097240320,1.0
4x16,200014552192,31100481664,1.0
4x16,200014552192,32103723008,1.0
4x16,200014552192,33106964352,1.0
4x16,200014552192,34110205696,1.0
4x16,200014552192,35113447040,1.0
4x16,200014552192,36116688384,1.0
4x16,200014552192,37119929728,1.0
4x16,200014552192,38123171072,0.92
4x16,200014552192,39126412416,1.0
4x16,200014552192,40129653760,1.0
4x16,200014552192,41132895104,1.0
4x16,200014552192,42136136448,1.0
4x16,200014552192,43139377792,1.0
4x16,200014552192,44142619136,1.0
4x16,200014552192,45145860480,1.0
4x16,200014552192,46149101824,1.0
4x16,200014552192,47152343168,1.0
4x16,200014552192,48155584512,1.0
4x16,200014552192,49158825856,1.0
4x16,200014552192,50162067200,1.0
4x16,200014552192,51165308544,1.0
4x16,200014552192,52168549888,1.0
4x16,200014552192,53171791232,1.0
4x16,200014552192,54175032576,1.0
4x16,200014552192,55178273920,1.0
4x16,200014552192,56181515264,1.0
4x16,200014552192,57184756608,1.0
4x16,200014552192,58187997952,1.0
4x16,200014552192,59191239296,1.0
4x16,200014552192,60194480640,1.0
4x16,200014552192,61197721984,1.0
4x16,200014552192,62200963328,1.0
4x16,200014552192,63204204672,1.0
4x16,200014552192,64207446016,1.0
4x16,200014552192,65210687360,1.0
4x16,200014552192,66213928704,1.0
4x16,200014552192,67217170048,0.81
4x16,200014552192,68220411392,1.0
4x16,200014552192,69223652736,1.0
4x16,200014552192,70226894080,1.0
4x16,200014552192,71230135424,1.0
4x16,200014552192,72233376768,1.0
4x16,200014552192,73236618112,1.0
4x16,200014552192,74239859456,1.0
4x16,200014552192,75243100800,1.0
4x16,200014552192,76246342144,1.0
4x16,200014552192,77249583488,1.0
4x16,200014552192,78252824832,1.0
4x16,200014552192,79256066176,1.0
4x16,200014552192,80259307520,1.0
4x16,200014552192,81262548864,1.0
4x16,200014552192,82265790208,1.0
4x16,200014552192,83269031552,1.0
4x16,200014552192,84272272896,1.0
4x16,200014552192,85275514240,1.0
4x16,200014552192,86278755584,1.0
4x16,200014552192,87281996928,1.0
4x16,200014552192,88285238272,1.0
4x16,200014552192,89288479616,1.0
4x16,200014552192,90291720960,1.0
4x16,200014552192,91294962304,1.0
4x16,200014552192,92298203648,1.0
4x16,200014552192,93301444992,1.0
4x16,200014552192,94304686336,1.0
4x16,200014552192,95307927680,1.0
4x16,200014552192,96311169024,1.0
4x16,200014552192,97314410368,1.0
4x16,200014552192,98317651712,1.0
4x16,200014552192,99320893056,1.0
4x16,200014552192,100324134400,1.0
4x16,200014552192,101327375744,1.0
4x16,200014552192,102330617088,1.0
4x16,200014552192,103333858432,1.0
4x16,200014552192,104337099776,1.0
4x16,200014552192,105340341120,1.0
4x16,200014552192,106343582464,1.0
4x16,200014552192,107346823808,1.0
4x16,200014552192,108350065152,1.0
4x16,200014552192,109353306496,1.0
4x16,200014552192,110356547840,1.0
4x16,200014552192,111359789184,1.0
4x16,200014552192,112363030528,1.0
4x16,200014552192,113366271872,1.0
4x16,200014552192,114369513216,1.0
4x16,200014552192,115372754560,1.0
4x16,200014552192,116375995904,1.0
4x16,200014552192,117379237248,1.0
4x16,200014552192,118382478592,1.0
4x16,200014552192,119385719936,1.0
4x16,200014552192,120388961280,1.0
4x16,200014552192,121392202624,1.0
4x16,200014552192,122395443968,1.0
4x16,200014552192,123398685312,1.0
4x16,200014552192,124401926656,1.0
4x16,200014552192,125405168000,1.0
4x16,200014552192,126408409344,1.0
4x16,200014552192,127411650688,1.0
4x16,200014552192,128414892032,1.0
4x16,200014552192,129418133376,1.0
4x16,200014552192,130421374720,1.0
4x16,200014552192,131424616064,1.0
4x16,200014552192,132427857408,1.0
4x16,200014552192,133431098752,1.0
4x16,200014552192,134434340096,1.0
4x16,200014552192,135437581440,1.0
4x16,200014552192,136440822784,1.0
4x16,200014552192,137444064128,1.0
4x16,200014552192,138447305472,1.0
4x16,200014552192,139450546816,1.0
4x16,200014552192,140453788160,1.0
4x16,200014552192,141457029504,1.0
4x16,200014552192,142460270848,1.0
4x16,200014552192,143463512192,1.0
4x16,200014552192,144466753536,1.0
4x16,200014552192,145469994880,1.0
4x16,200014552192,146473236224,1.0
4x16,200014552192,147476477568,1.0
4x16,200014552192,148479718912,1.0
4x16,200014552192,149482960256,1.0
4x16,200014552192,150486201600,1.0
4x16,200014552192,151489442944,1.0
4x16,200014552192,152492684288,1.0
4x16,200014552192,153495925632,1.0
4x16,200014552192,154499166976,1.0
4x16,200014552192,155502408320,1.0
4x16,200014552192,156505649664,1.0
4x16,200014552192,157508891008,1.0
4x16,200014552192,158512132352,1.0
4x16,200014552192,159515373696,1.0
4x16,200014552192,160518615040,1.0
4x16,200014552192,161521856384,1.0
4x16,200014552192,162525097728,1.0
4x16,200014552192,163528339072,1.0
4x16,200014552192,164531580416,1.0
4x16,200014552192,165534821760,1.0
4x16,200014552192,166538063104,1.0
4x16,200014552192,167541304448,1.0
4x16,200014552192,168544545792,1.0
4x16,200014552192,169547787136,1.0
4x16,200014552192,170551028480,1.0
4x16,200014552192,171554269824,1.0
4x16,200014552192,172557511168,1.0
4x16,200014552192,173560752512,1.0
4x16,200014552192,174563993856,1.0
4x16,200014552192,175567235200,1.0
4x16,200014552192,176570476544,1.0
4x16,200014552192,177573717888,1.0
4x16,200014552192,178576959232,1.0
4x16,200014552192,179580200576,1.0
4x16,200014552192,180583441920,1.0
4x16,200014552192,181586683264,1.0
4x16,200014552192,182589924608,1.0
4x16,200014552192,183593165952,1.0
4x16,200014552192,184596407296,1.0
4x16,200014552192,185599648640,1.0
4x16,200014552192,186602889984,1.0
4x16,200014552192,187606131328,1.0
4x16,200014552192,188609372672,1.0
4x16,200014552192,189612614016,1.0
4x16,200014552192,190615855360,1.0
4x16,200014552192,191619096704,1.0
4x16,200014552192,192622338048,1.0
4x16,200014552192,193625579392,1.0
4x16,200014552192,194628820736,1.0
4x16,200014552192,195632062080,1.0
4x16,200014552192,196635303424,1.0
4x16,200014552192,197638544768,1.0
4x16,200014552192,198641786112,1.0
4x16,200014552192,199645027456,1.0
