model_config,flops,task_0_flops,task_0_accuracy
4x16,750054754944,1003241344,0.47
4x16,750054754944,2006482688,0.51
4x16,750054754944,3009724032,0.97
4x16,750054754944,4012965376,0.99
4x16,750054754944,5016206720,1.0
4x16,750054754944,6019448064,0.68
4x16,750054754944,7022689408,1.0
4x16,750054754944,8025930752,1.0
4x16,750054754944,9029172096,1.0
4x16,750054754944,10032413440,1.0
4x16,750054754944,11035654784,1.0
4x16,750054754944,12038896128,1.0
4x16,750054754944,13042137472,1.0
4x16,750054754944,14045378816,1.0
4x16,750054754944,15048620160,0.97
4x16,750054754944,16051861504,1.0
4x16,750054754944,17055102848,1.0
4x16,750054754944,18058344192,1.0
4x16,750054754944,19061585536,0.86
4x16,750054754944,20064826880,1.0
4x16,750054754944,21068068224,1.0
4x16,750054754944,22071309568,1.0
4x16,750054754944,23074550912,1.0
4x16,750054754944,24077792256,1.0
4x16,750054754944,25081033600,1.0
4x16,750054754944,26084274944,1.0
4x16,750054754944,27087516288,1.0
4x16,750054754944,28090757632,1.0
4x16,750054754944,29093998976,1.0
4x16,750054754944,30097240320,1.0
4x16,750054754944,31100481664,1.0
4x16,750054754944,32103723008,1.0
4x16,750054754944,33106964352,1.0
4x16,750054754944,34110205696,1.0
4x16,750054754944,35113447040,1.0
4x16,750054754944,36116688384,1.0
4x16,750054754944,37119929728,1.0
4x16,750054754944,38123171072,0.92
4x16,750054754944,39126412416,1.0
4x16,750054754944,40129653760,1.0
4x16,750054754944,41132895104,1.0
4x16,750054754944,42136136448,1.0
4x16,750054754944,43139377792,1.0
4x16,750054754944,44142619136,1.0
4x16,750054754944,45145860480,1.0
4x16,750054754944,46149101824,1.0
4x16,750054754944,47152343168,1.0
4x16,750054754944,48155584512,1.0
4x16,750054754944,49158825856,1.0
4x16,750054754944,50162067200,1.0
4x16,750054754944,51165308544,1.0
4x16,750054754944,52168549888,1.0
4x16,750054754944,53171791232,1.0
4x16,750054754944,54175032576,1.0
4x16,750054754944,55178273920,1.0
4x16,750054754944,56181515264,1.0
4x16,750054754944,57184756608,1.0
4x16,750054754944,58187997952,1.0
4x16,750054754944,59191239296,1.0
4x16,750054754944,60194480640,1.0
4x16,750054754944,61197721984,1.0
4x16,750054754944,62200963328,1.0
4x16,750054754944,63204204672,1.0
4x16,750054754944,64207446016,1.0
4x16,750054754944,65210687360,1.0
4x16,750054754944,66213928704,1.0
4x16,750054754944,67217170048,0.81
4x16,750054754944,68220411392,1.0
4x16,750054754944,69223652736,1.0
4x16,750054754944,70226894080,1.0
4x16,750054754944,71230135424,1.0
4x16,750054754944,72233376768,1.0
4x16,750054754944,73236618112,1.0
4x16,750054754944,74239859456,1.0
4x16,750054754944,75243100800,1.0
4x16,750054754944,76246342144,1.0
4x16,750054754944,77249583488,1.0
4x16,750054754944,78252824832,1.0
4x16,750054754944,79256066176,1.0
4x16,750054754944,80259307520,1.0
4x16,750054754944,81262548864,1.0
4x16,750054754944,82265790208,1.0
4x16,750054754944,83269031552,1.0
4x16,750054754944,84272272896,1.0
4x16,750054754944,85275514240,1.0
4x16,750054754944,86278755584,1.0
4x16,750054754944,87281996928,1.0
4x16,750054754944,88285238272,1.0
4x16,750054754944,89288479616,1.0
4x16,750054754944,90291720960,1.0
4x16,750054754944,91294962304,1.0
4x16,750054754944,92298203648,1.0
4x16,750054754944,93301444992,1.0
4x16,750054754944,94304686336,1.0
4x16,750054754944,95307927680,1.0
4x16,750054754944,96311169024,1.0
4x16,750054754944,97314410368,1.0
4x16,750054754944,98317651712,1.0
4x16,750054754944,99320893056,1.0
4x16,750054754944,100324134400,1.0
4x16,750054754944,101327375744,1.0
4x16,750054754944,102330617088,1.0
4x16,750054754944,103333858432,1.0
4x16,750054754944,104337099776,1.0
4x16,750054754944,105340341120,1.0
4x16,750054754944,106343582464,1.0
4x16,750054754944,107346823808,1.0
4x16,750054754944,108350065152,1.0
4x16,750054754944,109353306496,1.0
4x16,750054754944,110356547840,1.0
4x16,750054754944,111359789184,1.0
4x16,750054754944,112363030528,1.0
4x16,750054754944,113366271872,1.0
4x16,750054754944,114369513216,1.0
4x16,750054754944,115372754560,1.0
4x16,750054754944,116375995904,1.0
4x16,750054754944,117379237248,1.0
4x16,750054754944,118382478592,1.0
4x16,750054754944,119385719936,1.0
4x16,750054754944,120388961280,1.0
4x16,750054754944,121392202624,1.0
4x16,750054754944,122395443968,1.0
4x16,750054754944,123398685312,1.0
4x16,750054754944,124401926656,1.0
4x16,750054754944,125405168000,1.0
4x16,750054754944,126408409344,1.0
4x16,750054754944,127411650688,1.0
4x16,750054754944,128414892032,1.0
4x16,750054754944,129418133376,1.0
4x16,750054754944,130421374720,1.0
4x16,750054754944,131424616064,1.0
4x16,750054754944,132427857408,1.0
4x16,750054754944,133431098752,1.0
4x16,750054754944,134434340096,1.0
4x16,750054754944,135437581440,1.0
4x16,750054754944,136440822784,1.0
4x16,750054754944,137444064128,1.0
4x16,750054754944,138447305472,1.0
4x16,750054754944,139450546816,1.0
4x16,750054754944,140453788160,1.0
4x16,750054754944,141457029504,1.0
4x16,750054754944,142460270848,1.0
4x16,750054754944,143463512192,1.0
4x16,750054754944,144466753536,1.0
4x16,750054754944,145469994880,1.0
4x16,750054754944,146473236224,1.0
4x16,750054754944,147476477568,1.0
4x16,750054754944,148479718912,1.0
4x16,750054754944,149482960256,1.0
4x16,750054754944,150486201600,1.0
4x16,750054754944,151489442944,1.0
4x16,750054754944,152492684288,1.0
4x16,750054754944,153495925632,1.0
4x16,750054754944,154499166976,1.0
4x16,750054754944,155502408320,1.0
4x16,750054754944,156505649664,1.0
4x16,750054754944,157508891008,1.0
4x16,750054754944,158512132352,1.0
4x16,750054754944,159515373696,1.0
4x16,750054754944,160518615040,1.0
4x16,750054754944,161521856384,1.0
4x16,750054754944,162525097728,1.0
4x16,750054754944,163528339072,1.0
4x16,750054754944,164531580416,1.0
4x16,750054754944,165534821760,1.0
4x16,750054754944,166538063104,1.0
4x16,750054754944,167541304448,1.0
4x16,750054754944,168544545792,1.0
4x16,750054754944,169547787136,1.0
4x16,750054754944,170551028480,1.0
4x16,750054754944,171554269824,1.0
4x16,750054754944,172557511168,1.0
4x16,750054754944,173560752512,1.0
4x16,750054754944,174563993856,1.0
4x16,750054754944,175567235200,1.0
4x16,750054754944,176570476544,1.0
4x16,750054754944,177573717888,1.0
4x16,750054754944,178576959232,1.0
4x16,750054754944,179580200576,1.0
4x16,750054754944,180583441920,1.0
4x16,750054754944,181586683264,1.0
4x16,750054754944,182589924608,1.0
4x16,750054754944,183593165952,1.0
4x16,750054754944,184596407296,1.0
4x16,750054754944,185599648640,1.0
4x16,750054754944,186602889984,1.0
4x16,750054754944,187606131328,1.0
4x16,750054754944,188609372672,1.0
4x16,750054754944,189612614016,1.0
4x16,750054754944,190615855360,1.0
4x16,750054754944,191619096704,1.0
4x16,750054754944,192622338048,1.0
4x16,750054754944,193625579392,1.0
4x16,750054754944,194628820736,1.0
4x16,750054754944,195632062080,1.0
4x16,750054754944,196635303424,1.0
4x16,750054754944,197638544768,1.0
4x16,750054754944,198641786112,1.0
4x16,750054754944,199645027456,1.0
4x16,750054754944,200648268800,1.0
4x16,750054754944,201651510144,1.0
4x16,750054754944,202654751488,1.0
4x16,750054754944,203657992832,1.0
4x16,750054754944,204661234176,1.0
4x16,750054754944,205664475520,1.0
4x16,750054754944,206667716864,1.0
4x16,750054754944,207670958208,1.0
4x16,750054754944,208674199552,1.0
4x16,750054754944,209677440896,1.0
4x16,750054754944,210680682240,1.0
4x16,750054754944,211683923584,1.0
4x16,750054754944,212687164928,1.0
4x16,750054754944,213690406272,1.0
4x16,750054754944,214693647616,1.0
4x16,750054754944,215696888960,1.0
4x16,750054754944,216700130304,1.0
4x16,750054754944,217703371648,1.0
4x16,750054754944,218706612992,1.0
4x16,750054754944,219709854336,1.0
4x16,750054754944,220713095680,1.0
4x16,750054754944,221716337024,1.0
4x16,750054754944,222719578368,1.0
4x16,750054754944,223722819712,1.0
4x16,750054754944,224726061056,1.0
4x16,750054754944,225729302400,1.0
4x16,750054754944,226732543744,1.0
4x16,750054754944,227735785088,1.0
4x16,750054754944,228739026432,1.0
4x16,750054754944,229742267776,1.0
4x16,750054754944,230745509120,1.0
4x16,750054754944,231748750464,1.0
4x16,750054754944,232751991808,1.0
4x16,750054754944,233755233152,1.0
4x16,750054754944,234758474496,1.0
4x16,750054754944,235761715840,1.0
4x16,750054754944,236764957184,1.0
4x16,750054754944,237768198528,1.0
4x16,750054754944,238771439872,1.0
4x16,750054754944,239774681216,1.0
4x16,750054754944,240777922560,1.0
4x16,750054754944,241781163904,1.0
4x16,750054754944,242784405248,1.0
4x16,750054754944,243787646592,1.0
4x16,750054754944,244790887936,1.0
4x16,750054754944,245794129280,1.0
4x16,750054754944,246797370624,1.0
4x16,750054754944,247800611968,1.0
4x16,750054754944,248803853312,1.0
4x16,750054754944,249807094656,1.0
4x16,750054754944,250810336000,1.0
4x16,750054754944,251813577344,1.0
4x16,750054754944,252816818688,1.0
4x16,750054754944,253820060032,1.0
4x16,750054754944,254823301376,1.0
4x16,750054754944,255826542720,1.0
4x16,750054754944,256829784064,1.0
4x16,750054754944,257833025408,1.0
4x16,750054754944,258836266752,1.0
4x16,750054754944,259839508096,1.0
4x16,750054754944,260842749440,1.0
4x16,750054754944,261845990784,1.0
4x16,750054754944,262849232128,1.0
4x16,750054754944,263852473472,1.0
4x16,750054754944,264855714816,1.0
4x16,750054754944,265858956160,1.0
4x16,750054754944,266862197504,1.0
4x16,750054754944,267865438848,1.0
4x16,750054754944,268868680192,1.0
4x16,750054754944,269871921536,1.0
4x16,750054754944,270875162880,1.0
4x16,750054754944,271878404224,1.0
4x16,750054754944,272881645568,1.0
4x16,750054754944,273884886912,1.0
4x16,750054754944,274888128256,1.0
4x16,750054754944,275891369600,1.0
4x16,750054754944,276894610944,1.0
4x16,750054754944,277897852288,1.0
4x16,750054754944,278901093632,1.0
4x16,750054754944,279904334976,1.0
4x16,750054754944,280907576320,1.0
4x16,750054754944,281910817664,1.0
4x16,750054754944,282914059008,1.0
4x16,750054754944,283917300352,1.0
4x16,750054754944,284920541696,1.0
4x16,750054754944,285923783040,1.0
4x16,750054754944,286927024384,1.0
4x16,750054754944,287930265728,1.0
4x16,750054754944,288933507072,1.0
4x16,750054754944,289936748416,1.0
4x16,750054754944,290939989760,1.0
4x16,750054754944,291943231104,1.0
4x16,750054754944,292946472448,1.0
4x16,750054754944,293949713792,1.0
4x16,750054754944,294952955136,1.0
4x16,750054754944,295956196480,1.0
4x16,750054754944,296959437824,1.0
4x16,750054754944,297962679168,1.0
4x16,750054754944,298965920512,1.0
4x16,750054754944,299969161856,1.0
4x16,750054754944,300972403200,1.0
4x16,750054754944,301975644544,1.0
4x16,750054754944,302978885888,1.0
4x16,750054754944,303982127232,1.0
4x16,750054754944,304985368576,1.0
4x16,750054754944,305988609920,1.0
4x16,750054754944,306991851264,1.0
4x16,750054754944,307995092608,1.0
4x16,750054754944,308998333952,1.0
4x16,750054754944,310001575296,1.0
4x16,750054754944,311004816640,1.0
4x16,750054754944,312008057984,1.0
4x16,750054754944,313011299328,1.0
4x16,750054754944,314014540672,1.0
4x16,750054754944,315017782016,1.0
4x16,750054754944,316021023360,1.0
4x16,750054754944,317024264704,1.0
4x16,750054754944,318027506048,1.0
4x16,750054754944,319030747392,1.0
4x16,750054754944,320033988736,1.0
4x16,750054754944,321037230080,1.0
4x16,750054754944,322040471424,1.0
4x16,750054754944,323043712768,1.0
4x16,750054754944,324046954112,1.0
4x16,750054754944,325050195456,1.0
4x16,750054754944,326053436800,1.0
4x16,750054754944,327056678144,1.0
4x16,750054754944,328059919488,1.0
4x16,750054754944,329063160832,1.0
4x16,750054754944,330066402176,1.0
4x16,750054754944,331069643520,1.0
4x16,750054754944,332072884864,1.0
4x16,750054754944,333076126208,1.0
4x16,750054754944,334079367552,1.0
4x16,750054754944,335082608896,1.0
4x16,750054754944,336085850240,1.0
4x16,750054754944,337089091584,1.0
4x16,750054754944,338092332928,1.0
4x16,750054754944,339095574272,1.0
4x16,750054754944,340098815616,1.0
4x16,750054754944,341102056960,1.0
4x16,750054754944,342105298304,1.0
4x16,750054754944,343108539648,1.0
4x16,750054754944,344111780992,1.0
4x16,750054754944,345115022336,1.0
4x16,750054754944,346118263680,1.0
4x16,750054754944,347121505024,1.0
4x16,750054754944,348124746368,1.0
4x16,750054754944,349127987712,1.0
4x16,750054754944,350131229056,1.0
4x16,750054754944,351134470400,1.0
4x16,750054754944,352137711744,1.0
4x16,750054754944,353140953088,1.0
4x16,750054754944,354144194432,1.0
4x16,750054754944,355147435776,1.0
4x16,750054754944,356150677120,0.77
4x16,750054754944,357153918464,1.0
4x16,750054754944,358157159808,1.0
4x16,750054754944,359160401152,1.0
4x16,750054754944,360163642496,1.0
4x16,750054754944,361166883840,1.0
4x16,750054754944,362170125184,1.0
4x16,750054754944,363173366528,1.0
4x16,750054754944,364176607872,1.0
4x16,750054754944,365179849216,1.0
4x16,750054754944,366183090560,1.0
4x16,750054754944,367186331904,1.0
4x16,750054754944,368189573248,1.0
4x16,750054754944,369192814592,1.0
4x16,750054754944,370196055936,1.0
4x16,750054754944,371199297280,1.0
4x16,750054754944,372202538624,1.0
4x16,750054754944,373205779968,1.0
4x16,750054754944,374209021312,1.0
4x16,750054754944,375212262656,1.0
4x16,750054754944,376215504000,1.0
4x16,750054754944,377218745344,1.0
4x16,750054754944,378221986688,1.0
4x16,750054754944,379225228032,1.0
4x16,750054754944,380228469376,1.0
4x16,750054754944,381231710720,1.0
4x16,750054754944,382234952064,1.0
4x16,750054754944,383238193408,1.0
4x16,750054754944,384241434752,1.0
4x16,750054754944,385244676096,1.0
4x16,750054754944,386247917440,1.0
4x16,750054754944,387251158784,1.0
4x16,750054754944,388254400128,1.0
4x16,750054754944,389257641472,1.0
4x16,750054754944,390260882816,1.0
4x16,750054754944,391264124160,1.0
4x16,750054754944,392267365504,1.0
4x16,750054754944,393270606848,1.0
4x16,750054754944,394273848192,1.0
4x16,750054754944,395277089536,1.0
4x16,750054754944,396280330880,1.0
4x16,750054754944,397283572224,1.0
4x16,750054754944,398286813568,1.0
4x16,750054754944,399290054912,1.0
4x16,750054754944,400293296256,1.0
4x16,750054754944,401296537600,1.0
4x16,750054754944,402299778944,1.0
4x16,750054754944,403303020288,1.0
4x16,750054754944,404306261632,1.0
4x16,750054754944,405309502976,1.0
4x16,750054754944,406312744320,1.0
4x16,750054754944,407315985664,1.0
4x16,750054754944,408319227008,1.0
4x16,750054754944,409322468352,1.0
4x16,750054754944,410325709696,1.0
4x16,750054754944,411328951040,1.0
4x16,750054754944,412332192384,1.0
4x16,750054754944,413335433728,1.0
4x16,750054754944,414338675072,1.0
4x16,750054754944,415341916416,1.0
4x16,750054754944,416345157760,1.0
4x16,750054754944,417348399104,1.0
4x16,750054754944,418351640448,1.0
4x16,750054754944,419354881792,1.0
4x16,750054754944,420358123136,1.0
4x16,750054754944,421361364480,1.0
4x16,750054754944,422364605824,1.0
4x16,750054754944,423367847168,1.0
4x16,750054754944,424371088512,1.0
4x16,750054754944,425374329856,1.0
4x16,750054754944,426377571200,1.0
4x16,750054754944,427380812544,1.0
4x16,750054754944,428384053888,1.0
4x16,750054754944,429387295232,1.0
4x16,750054754944,430390536576,1.0
4x16,750054754944,431393777920,1.0
4x16,750054754944,432397019264,1.0
4x16,750054754944,433400260608,1.0
4x16,750054754944,434403501952,1.0
4x16,750054754944,435406743296,1.0
4x16,750054754944,436409984640,1.0
4x16,750054754944,437413225984,0.9
4x16,750054754944,438416467328,1.0
4x16,750054754944,439419708672,1.0
4x16,750054754944,440422950016,1.0
4x16,750054754944,441426191360,1.0
4x16,750054754944,442429432704,1.0
4x16,750054754944,443432674048,1.0
4x16,750054754944,444435915392,1.0
4x16,750054754944,445439156736,1.0
4x16,750054754944,446442398080,1.0
4x16,750054754944,447445639424,1.0
4x16,750054754944,448448880768,1.0
4x16,750054754944,449452122112,1.0
4x16,750054754944,450455363456,1.0
4x16,750054754944,451458604800,1.0
4x16,750054754944,452461846144,1.0
4x16,750054754944,453465087488,1.0
4x16,750054754944,454468328832,1.0
4x16,750054754944,455471570176,1.0
4x16,750054754944,456474811520,1.0
4x16,750054754944,457478052864,1.0
4x16,750054754944,458481294208,1.0
4x16,750054754944,459484535552,1.0
4x16,750054754944,460487776896,1.0
4x16,750054754944,461491018240,1.0
4x16,750054754944,462494259584,1.0
4x16,750054754944,463497500928,1.0
4x16,750054754944,464500742272,1.0
4x16,750054754944,465503983616,1.0
4x16,750054754944,466507224960,1.0
4x16,750054754944,467510466304,1.0
4x16,750054754944,468513707648,1.0
4x16,750054754944,469516948992,1.0
4x16,750054754944,470520190336,1.0
4x16,750054754944,471523431680,1.0
4x16,750054754944,472526673024,1.0
4x16,750054754944,473529914368,1.0
4x16,750054754944,474533155712,1.0
4x16,750054754944,475536397056,1.0
4x16,750054754944,476539638400,1.0
4x16,750054754944,477542879744,1.0
4x16,750054754944,478546121088,1.0
4x16,750054754944,479549362432,1.0
4x16,750054754944,480552603776,1.0
4x16,750054754944,481555845120,1.0
4x16,750054754944,482559086464,1.0
4x16,750054754944,483562327808,1.0
4x16,750054754944,484565569152,1.0
4x16,750054754944,485568810496,1.0
4x16,750054754944,486572051840,1.0
4x16,750054754944,487575293184,1.0
4x16,750054754944,488578534528,1.0
4x16,750054754944,489581775872,1.0
4x16,750054754944,490585017216,1.0
4x16,750054754944,491588258560,1.0
4x16,750054754944,492591499904,1.0
4x16,750054754944,493594741248,1.0
4x16,750054754944,494597982592,1.0
4x16,750054754944,495601223936,1.0
4x16,750054754944,496604465280,1.0
4x16,750054754944,497607706624,1.0
4x16,750054754944,498610947968,1.0
4x16,750054754944,499614189312,1.0
4x16,750054754944,500617430656,1.0
4x16,750054754944,501620672000,1.0
4x16,750054754944,502623913344,1.0
4x16,750054754944,503627154688,1.0
4x16,750054754944,504630396032,1.0
4x16,750054754944,505633637376,1.0
4x16,750054754944,506636878720,1.0
4x16,750054754944,507640120064,1.0
4x16,750054754944,508643361408,1.0
4x16,750054754944,509646602752,1.0
4x16,750054754944,510649844096,1.0
4x16,750054754944,511653085440,1.0
4x16,750054754944,512656326784,1.0
4x16,750054754944,513659568128,1.0
4x16,750054754944,514662809472,1.0
4x16,750054754944,515666050816,1.0
4x16,750054754944,516669292160,1.0
4x16,750054754944,517672533504,1.0
4x16,750054754944,518675774848,1.0
4x16,750054754944,519679016192,1.0
4x16,750054754944,520682257536,1.0
4x16,750054754944,521685498880,1.0
4x16,750054754944,522688740224,1.0
4x16,750054754944,523691981568,1.0
4x16,750054754944,524695222912,1.0
4x16,750054754944,525698464256,1.0
4x16,750054754944,526701705600,1.0
4x16,750054754944,527704946944,1.0
4x16,750054754944,528708188288,1.0
4x16,750054754944,529711429632,1.0
4x16,750054754944,530714670976,1.0
4x16,750054754944,531717912320,1.0
4x16,750054754944,532721153664,1.0
4x16,750054754944,533724395008,1.0
4x16,750054754944,534727636352,1.0
4x16,750054754944,535730877696,1.0
4x16,750054754944,536734119040,1.0
4x16,750054754944,537737360384,1.0
4x16,750054754944,538740601728,1.0
4x16,750054754944,539743843072,1.0
4x16,750054754944,540747084416,1.0
4x16,750054754944,541750325760,1.0
4x16,750054754944,542753567104,1.0
4x16,750054754944,543756808448,1.0
4x16,750054754944,544760049792,1.0
4x16,750054754944,545763291136,1.0
4x16,750054754944,546766532480,1.0
4x16,750054754944,547769773824,1.0
4x16,750054754944,548773015168,1.0
4x16,750054754944,549776256512,1.0
4x16,750054754944,550779497856,1.0
4x16,750054754944,551782739200,1.0
4x16,750054754944,552785980544,1.0
4x16,750054754944,553789221888,1.0
4x16,750054754944,554792463232,1.0
4x16,750054754944,555795704576,1.0
4x16,750054754944,556798945920,1.0
4x16,750054754944,557802187264,1.0
4x16,750054754944,558805428608,1.0
4x16,750054754944,559808669952,1.0
4x16,750054754944,560811911296,1.0
4x16,750054754944,561815152640,1.0
4x16,750054754944,562818393984,1.0
4x16,750054754944,563821635328,1.0
4x16,750054754944,564824876672,1.0
4x16,750054754944,565828118016,1.0
4x16,750054754944,566831359360,1.0
4x16,750054754944,567834600704,1.0
4x16,750054754944,568837842048,1.0
4x16,750054754944,569841083392,1.0
4x16,750054754944,570844324736,1.0
4x16,750054754944,571847566080,1.0
4x16,750054754944,572850807424,1.0
4x16,750054754944,573854048768,1.0
4x16,750054754944,574857290112,1.0
4x16,750054754944,575860531456,1.0
4x16,750054754944,576863772800,1.0
4x16,750054754944,577867014144,1.0
4x16,750054754944,578870255488,1.0
4x16,750054754944,579873496832,1.0
4x16,750054754944,580876738176,1.0
4x16,750054754944,581879979520,1.0
4x16,750054754944,582883220864,1.0
4x16,750054754944,583886462208,1.0
4x16,750054754944,584889703552,1.0
4x16,750054754944,585892944896,1.0
4x16,750054754944,586896186240,1.0
4x16,750054754944,587899427584,1.0
4x16,750054754944,588902668928,1.0
4x16,750054754944,589905910272,1.0
4x16,750054754944,590909151616,1.0
4x16,750054754944,591912392960,1.0
4x16,750054754944,592915634304,1.0
4x16,750054754944,593918875648,1.0
4x16,750054754944,594922116992,1.0
4x16,750054754944,595925358336,1.0
4x16,750054754944,596928599680,1.0
4x16,750054754944,597931841024,1.0
4x16,750054754944,598935082368,1.0
4x16,750054754944,599938323712,1.0
4x16,750054754944,600941565056,1.0
4x16,750054754944,601944806400,1.0
4x16,750054754944,602948047744,1.0
4x16,750054754944,603951289088,1.0
4x16,750054754944,604954530432,1.0
4x16,750054754944,605957771776,1.0
4x16,750054754944,606961013120,1.0
4x16,750054754944,607964254464,1.0
4x16,750054754944,608967495808,1.0
4x16,750054754944,609970737152,1.0
4x16,750054754944,610973978496,1.0
4x16,750054754944,611977219840,1.0
4x16,750054754944,612980461184,1.0
4x16,750054754944,613983702528,1.0
4x16,750054754944,614986943872,1.0
4x16,750054754944,615990185216,1.0
4x16,750054754944,616993426560,1.0
4x16,750054754944,617996667904,1.0
4x16,750054754944,618999909248,1.0
4x16,750054754944,620003150592,1.0
4x16,750054754944,621006391936,1.0
4x16,750054754944,622009633280,1.0
4x16,750054754944,623012874624,1.0
4x16,750054754944,624016115968,1.0
4x16,750054754944,625019357312,1.0
4x16,750054754944,626022598656,1.0
4x16,750054754944,627025840000,1.0
4x16,750054754944,628029081344,1.0
4x16,750054754944,629032322688,1.0
4x16,750054754944,630035564032,1.0
4x16,750054754944,631038805376,1.0
4x16,750054754944,632042046720,1.0
4x16,750054754944,633045288064,1.0
4x16,750054754944,634048529408,1.0
4x16,750054754944,635051770752,1.0
4x16,750054754944,636055012096,1.0
4x16,750054754944,637058253440,1.0
4x16,750054754944,638061494784,1.0
4x16,750054754944,639064736128,1.0
4x16,750054754944,640067977472,1.0
4x16,750054754944,641071218816,1.0
4x16,750054754944,642074460160,1.0
4x16,750054754944,643077701504,1.0
4x16,750054754944,644080942848,1.0
4x16,750054754944,645084184192,1.0
4x16,750054754944,646087425536,1.0
4x16,750054754944,647090666880,1.0
4x16,750054754944,648093908224,1.0
4x16,750054754944,649097149568,1.0
4x16,750054754944,650100390912,1.0
4x16,750054754944,651103632256,1.0
4x16,750054754944,652106873600,1.0
4x16,750054754944,653110114944,1.0
4x16,750054754944,654113356288,1.0
4x16,750054754944,655116597632,1.0
4x16,750054754944,656119838976,1.0
4x16,750054754944,657123080320,1.0
4x16,750054754944,658126321664,1.0
4x16,750054754944,659129563008,1.0
4x16,750054754944,660132804352,1.0
4x16,750054754944,661136045696,1.0
4x16,750054754944,662139287040,1.0
4x16,750054754944,663142528384,1.0
4x16,750054754944,664145769728,1.0
4x16,750054754944,665149011072,1.0
4x16,750054754944,666152252416,1.0
4x16,750054754944,667155493760,1.0
4x16,750054754944,668158735104,1.0
4x16,750054754944,669161976448,1.0
4x16,750054754944,670165217792,1.0
4x16,750054754944,671168459136,1.0
4x16,750054754944,672171700480,1.0
4x16,750054754944,673174941824,1.0
4x16,750054754944,674178183168,1.0
4x16,750054754944,675181424512,1.0
4x16,750054754944,676184665856,1.0
4x16,750054754944,677187907200,1.0
4x16,750054754944,678191148544,1.0
4x16,750054754944,679194389888,1.0
4x16,750054754944,680197631232,1.0
4x16,750054754944,681200872576,1.0
4x16,750054754944,682204113920,1.0
4x16,750054754944,683207355264,1.0
4x16,750054754944,684210596608,1.0
4x16,750054754944,685213837952,1.0
4x16,750054754944,686217079296,1.0
4x16,750054754944,687220320640,1.0
4x16,750054754944,688223561984,1.0
4x16,750054754944,689226803328,1.0
4x16,750054754944,690230044672,1.0
4x16,750054754944,691233286016,1.0
4x16,750054754944,692236527360,1.0
4x16,750054754944,693239768704,1.0
4x16,750054754944,694243010048,1.0
4x16,750054754944,695246251392,1.0
4x16,750054754944,696249492736,1.0
4x16,750054754944,697252734080,1.0
4x16,750054754944,698255975424,1.0
4x16,750054754944,699259216768,1.0
4x16,750054754944,700262458112,1.0
4x16,750054754944,701265699456,1.0
4x16,750054754944,702268940800,1.0
4x16,750054754944,703272182144,1.0
4x16,750054754944,704275423488,1.0
4x16,750054754944,705278664832,1.0
4x16,750054754944,706281906176,1.0
4x16,750054754944,707285147520,1.0
4x16,750054754944,708288388864,1.0
4x16,750054754944,709291630208,1.0
4x16,750054754944,710294871552,1.0
4x16,750054754944,711298112896,1.0
4x16,750054754944,712301354240,1.0
4x16,750054754944,713304595584,1.0
4x16,750054754944,714307836928,1.0
4x16,750054754944,715311078272,1.0
4x16,750054754944,716314319616,1.0
4x16,750054754944,717317560960,1.0
4x16,750054754944,718320802304,1.0
4x16,750054754944,719324043648,1.0
4x16,750054754944,720327284992,1.0
4x16,750054754944,721330526336,1.0
4x16,750054754944,722333767680,1.0
4x16,750054754944,723337009024,1.0
4x16,750054754944,724340250368,1.0
4x16,750054754944,725343491712,1.0
4x16,750054754944,726346733056,1.0
4x16,750054754944,727349974400,1.0
4x16,750054754944,728353215744,1.0
4x16,750054754944,729356457088,1.0
4x16,750054754944,730359698432,1.0
4x16,750054754944,731362939776,1.0
4x16,750054754944,732366181120,1.0
4x16,750054754944,733369422464,1.0
4x16,750054754944,734372663808,1.0
4x16,750054754944,735375905152,1.0
4x16,750054754944,736379146496,1.0
4x16,750054754944,737382387840,1.0
4x16,750054754944,738385629184,1.0
4x16,750054754944,739388870528,1.0
4x16,750054754944,740392111872,1.0
4x16,750054754944,741395353216,1.0
4x16,750054754944,742398594560,1.0
4x16,750054754944,743401835904,1.0
4x16,750054754944,744405077248,1.0
4x16,750054754944,745408318592,1.0
4x16,750054754944,746411559936,1.0
4x16,750054754944,747414801280,1.0
4x16,750054754944,748418042624,1.0
4x16,750054754944,749421283968,1.0
